%YAML 1.1
%TAG !u! tag:unity3d.com,2011:
--- !u!1 &92257737638475189
GameObject:
  m_ObjectHideFlags: 0
  m_CorrespondingSourceObject: {fileID: 0}
  m_PrefabInstance: {fileID: 0}
  m_PrefabAsset: {fileID: 0}
  serializedVersion: 6
  m_Component:
  - component: {fileID: 4721112968902649977}
  - component: {fileID: 8109112435609443378}
  - component: {fileID: 4561725395570346980}
  m_Layer: 0
  m_Name: Body
  m_TagString: Untagged
  m_Icon: {fileID: 0}
  m_NavMeshLayer: 0
  m_StaticEditorFlags: 0
  m_IsActive: 1
--- !u!4 &4721112968902649977
Transform:
  m_ObjectHideFlags: 0
  m_CorrespondingSourceObject: {fileID: 0}
  m_PrefabInstance: {fileID: 0}
  m_PrefabAsset: {fileID: 0}
  m_GameObject: {fileID: 92257737638475189}
  m_LocalRotation: {x: 0, y: -0, z: -0, w: 1}
  m_LocalPosition: {x: -0, y: 0.01268043, z: 0.0009120832}
  m_LocalScale: {x: 0.03702104, y: 0.03702104, z: 0.03702104}
  m_Children: []
  m_Father: {fileID: 5754520398596915173}
  m_RootOrder: 0
  m_LocalEulerAnglesHint: {x: 0, y: 0, z: 0}
--- !u!33 &8109112435609443378
MeshFilter:
  m_ObjectHideFlags: 0
  m_CorrespondingSourceObject: {fileID: 0}
  m_PrefabInstance: {fileID: 0}
  m_PrefabAsset: {fileID: 0}
  m_GameObject: {fileID: 92257737638475189}
  m_Mesh: {fileID: 4300002, guid: aabf8d39cb3560549a7fe753d8ec4e1a, type: 3}
--- !u!23 &4561725395570346980
MeshRenderer:
  m_ObjectHideFlags: 0
  m_CorrespondingSourceObject: {fileID: 0}
  m_PrefabInstance: {fileID: 0}
  m_PrefabAsset: {fileID: 0}
  m_GameObject: {fileID: 92257737638475189}
  m_Enabled: 1
  m_CastShadows: 1
  m_ReceiveShadows: 1
  m_DynamicOccludee: 1
  m_MotionVectors: 1
  m_LightProbeUsage: 1
  m_ReflectionProbeUsage: 1
  m_RenderingLayerMask: 1
  m_RendererPriority: 0
  m_Materials:
  - {fileID: 2100002, guid: aabf8d39cb3560549a7fe753d8ec4e1a, type: 3}
  - {fileID: 2100004, guid: aabf8d39cb3560549a7fe753d8ec4e1a, type: 3}
  - {fileID: 2100000, guid: aabf8d39cb3560549a7fe753d8ec4e1a, type: 3}
  - {fileID: 2100006, guid: aabf8d39cb3560549a7fe753d8ec4e1a, type: 3}
  - {fileID: 2100008, guid: aabf8d39cb3560549a7fe753d8ec4e1a, type: 3}
  - {fileID: 2100010, guid: aabf8d39cb3560549a7fe753d8ec4e1a, type: 3}
  - {fileID: 2100012, guid: aabf8d39cb3560549a7fe753d8ec4e1a, type: 3}
  m_StaticBatchInfo:
    firstSubMesh: 0
    subMeshCount: 0
  m_StaticBatchRoot: {fileID: 0}
  m_ProbeAnchor: {fileID: 0}
  m_LightProbeVolumeOverride: {fileID: 0}
  m_ScaleInLightmap: 1
  m_PreserveUVs: 0
  m_IgnoreNormalsForChartDetection: 0
  m_ImportantGI: 0
  m_StitchLightmapSeams: 0
  m_SelectedEditorRenderState: 3
  m_MinimumChartSize: 4
  m_AutoUVMaxDistance: 0.5
  m_AutoUVMaxAngle: 89
  m_LightmapParameters: {fileID: 0}
  m_SortingLayerID: 0
  m_SortingLayer: 0
  m_SortingOrder: 0
--- !u!1 &2688341191966005206
GameObject:
  m_ObjectHideFlags: 0
  m_CorrespondingSourceObject: {fileID: 0}
  m_PrefabInstance: {fileID: 0}
  m_PrefabAsset: {fileID: 0}
  serializedVersion: 6
  m_Component:
  - component: {fileID: 5754520398596915173}
  m_Layer: 0
  m_Name: Funnel
  m_TagString: Untagged
  m_Icon: {fileID: 0}
  m_NavMeshLayer: 0
  m_StaticEditorFlags: 0
  m_IsActive: 1
--- !u!4 &5754520398596915173
Transform:
  m_ObjectHideFlags: 0
  m_CorrespondingSourceObject: {fileID: 0}
  m_PrefabInstance: {fileID: 0}
  m_PrefabAsset: {fileID: 0}
  m_GameObject: {fileID: 2688341191966005206}
  m_LocalRotation: {x: 0, y: -0, z: -0, w: 1}
  m_LocalPosition: {x: -0, y: 0.0009046149, z: 0}
  m_LocalScale: {x: 27.011665, y: 27.011665, z: 27.011665}
  m_Children:
  - {fileID: 4721112968902649977}
  - {fileID: 872615346393434884}
  - {fileID: 8751328262264174055}
  - {fileID: 9211728555262547289}
  m_Father: {fileID: 0}
  m_RootOrder: 0
  m_LocalEulerAnglesHint: {x: 0, y: 0, z: 0}
--- !u!1 &4592570554704283871
GameObject:
  m_ObjectHideFlags: 0
  m_CorrespondingSourceObject: {fileID: 0}
  m_PrefabInstance: {fileID: 0}
  m_PrefabAsset: {fileID: 0}
  serializedVersion: 6
  m_Component:
  - component: {fileID: 872615346393434884}
  - component: {fileID: 2054342226222815649}
  - component: {fileID: 4382496037918548376}
  m_Layer: 0
  m_Name: Bottom_Handle
  m_TagString: Untagged
  m_Icon: {fileID: 0}
  m_NavMeshLayer: 0
  m_StaticEditorFlags: 0
  m_IsActive: 1
--- !u!4 &872615346393434884
Transform:
  m_ObjectHideFlags: 0
  m_CorrespondingSourceObject: {fileID: 0}
  m_PrefabInstance: {fileID: 0}
  m_PrefabAsset: {fileID: 0}
  m_GameObject: {fileID: 4592570554704283871}
  m_LocalRotation: {x: 3.9563288e-17, y: -0.64611757, z: 0.7632379, w: -4.6734844e-17}
  m_LocalPosition: {x: 0.000000002825374, y: 0.023355035, z: -0.0000814851}
  m_LocalScale: {x: 0.100328706, y: 0.1364974, z: 0.1364974}
  m_Children: []
  m_Father: {fileID: 5754520398596915173}
  m_RootOrder: 1
  m_LocalEulerAnglesHint: {x: 0, y: 0, z: 0}
--- !u!33 &2054342226222815649
MeshFilter:
  m_ObjectHideFlags: 0
  m_CorrespondingSourceObject: {fileID: 0}
  m_PrefabInstance: {fileID: 0}
  m_PrefabAsset: {fileID: 0}
  m_GameObject: {fileID: 4592570554704283871}
  m_Mesh: {fileID: 4300000, guid: aabf8d39cb3560549a7fe753d8ec4e1a, type: 3}
--- !u!23 &4382496037918548376
MeshRenderer:
  m_ObjectHideFlags: 0
  m_CorrespondingSourceObject: {fileID: 0}
  m_PrefabInstance: {fileID: 0}
  m_PrefabAsset: {fileID: 0}
  m_GameObject: {fileID: 4592570554704283871}
  m_Enabled: 1
  m_CastShadows: 1
  m_ReceiveShadows: 1
  m_DynamicOccludee: 1
  m_MotionVectors: 1
  m_LightProbeUsage: 1
  m_ReflectionProbeUsage: 1
  m_RenderingLayerMask: 1
  m_RendererPriority: 0
  m_Materials:
  - {fileID: 2100000, guid: aabf8d39cb3560549a7fe753d8ec4e1a, type: 3}
  m_StaticBatchInfo:
    firstSubMesh: 0
    subMeshCount: 0
  m_StaticBatchRoot: {fileID: 0}
  m_ProbeAnchor: {fileID: 0}
  m_LightProbeVolumeOverride: {fileID: 0}
  m_ScaleInLightmap: 1
  m_PreserveUVs: 0
  m_IgnoreNormalsForChartDetection: 0
  m_ImportantGI: 0
  m_StitchLightmapSeams: 0
  m_SelectedEditorRenderState: 3
  m_MinimumChartSize: 4
  m_AutoUVMaxDistance: 0.5
  m_AutoUVMaxAngle: 89
  m_LightmapParameters: {fileID: 0}
  m_SortingLayerID: 0
  m_SortingLayer: 0
  m_SortingOrder: 0
--- !u!1 &6693639564001911279
GameObject:
  m_ObjectHideFlags: 0
  m_CorrespondingSourceObject: {fileID: 0}
  m_PrefabInstance: {fileID: 0}
  m_PrefabAsset: {fileID: 0}
  serializedVersion: 6
  m_Component:
  - component: {fileID: 9211728555262547289}
  - component: {fileID: 6272982408961398164}
  - component: {fileID: 2514678664162390579}
  m_Layer: 0
  m_Name: Pull_Pin
  m_TagString: Untagged
  m_Icon: {fileID: 0}
  m_NavMeshLayer: 0
  m_StaticEditorFlags: 0
  m_IsActive: 1
--- !u!4 &9211728555262547289
Transform:
  m_ObjectHideFlags: 0
  m_CorrespondingSourceObject: {fileID: 0}
  m_PrefabInstance: {fileID: 0}
  m_PrefabAsset: {fileID: 0}
  m_GameObject: {fileID: 6693639564001911279}
  m_LocalRotation: {x: -0.35355338, y: 0.61237246, z: -0.35355338, w: 0.61237246}
  m_LocalPosition: {x: -0.0011365415, y: 0.023487434, z: -0.0008592724}
  m_LocalScale: {x: 0.031671163, y: 0.031671163, z: 0.031671163}
  m_Children: []
  m_Father: {fileID: 5754520398596915173}
  m_RootOrder: 3
  m_LocalEulerAnglesHint: {x: 0, y: 0, z: 0}
--- !u!33 &6272982408961398164
MeshFilter:
  m_ObjectHideFlags: 0
  m_CorrespondingSourceObject: {fileID: 0}
  m_PrefabInstance: {fileID: 0}
  m_PrefabAsset: {fileID: 0}
  m_GameObject: {fileID: 6693639564001911279}
  m_Mesh: {fileID: 4300006, guid: aabf8d39cb3560549a7fe753d8ec4e1a, type: 3}
--- !u!23 &2514678664162390579
MeshRenderer:
  m_ObjectHideFlags: 0
  m_CorrespondingSourceObject: {fileID: 0}
  m_PrefabInstance: {fileID: 0}
  m_PrefabAsset: {fileID: 0}
  m_GameObject: {fileID: 6693639564001911279}
  m_Enabled: 1
  m_CastShadows: 1
  m_ReceiveShadows: 1
  m_DynamicOccludee: 1
  m_MotionVectors: 1
  m_LightProbeUsage: 1
  m_ReflectionProbeUsage: 1
  m_RenderingLayerMask: 1
  m_RendererPriority: 0
  m_Materials:
  - {fileID: 2100000, guid: aabf8d39cb3560549a7fe753d8ec4e1a, type: 3}
  m_StaticBatchInfo:
    firstSubMesh: 0
    subMeshCount: 0
  m_StaticBatchRoot: {fileID: 0}
  m_ProbeAnchor: {fileID: 0}
  m_LightProbeVolumeOverride: {fileID: 0}
  m_ScaleInLightmap: 1
  m_PreserveUVs: 0
  m_IgnoreNormalsForChartDetection: 0
  m_ImportantGI: 0
  m_StitchLightmapSeams: 0
  m_SelectedEditorRenderState: 3
  m_MinimumChartSize: 4
  m_AutoUVMaxDistance: 0.5
  m_AutoUVMaxAngle: 89
  m_LightmapParameters: {fileID: 0}
  m_SortingLayerID: 0
  m_SortingLayer: 0
  m_SortingOrder: 0
--- !u!1001 &97424629357515112
PrefabInstance:
  m_ObjectHideFlags: 0
  serializedVersion: 2
  m_Modification:
    m_TransformParent: {fileID: 5754520398596915173}
    m_Modifications:
    - target: {fileID: 6885108082107224319, guid: 0797fbbbdd880c3419c2c238f857440e,
        type: 3}
      propertyPath: m_Name
      value: Funnel
      objectReference: {fileID: 0}
    - target: {fileID: 8658427152866026639, guid: 0797fbbbdd880c3419c2c238f857440e,
        type: 3}
      propertyPath: m_LocalPosition.x
      value: -0.0000019313395
      objectReference: {fileID: 0}
    - target: {fileID: 8658427152866026639, guid: 0797fbbbdd880c3419c2c238f857440e,
        type: 3}
      propertyPath: m_LocalPosition.y
      value: 0.0047526173
      objectReference: {fileID: 0}
    - target: {fileID: 8658427152866026639, guid: 0797fbbbdd880c3419c2c238f857440e,
        type: 3}
      propertyPath: m_LocalPosition.z
      value: 0.0097519625
      objectReference: {fileID: 0}
    - target: {fileID: 8658427152866026639, guid: 0797fbbbdd880c3419c2c238f857440e,
        type: 3}
      propertyPath: m_LocalRotation.x
      value: 0
      objectReference: {fileID: 0}
    - target: {fileID: 8658427152866026639, guid: 0797fbbbdd880c3419c2c238f857440e,
        type: 3}
      propertyPath: m_LocalRotation.y
      value: -0
      objectReference: {fileID: 0}
    - target: {fileID: 8658427152866026639, guid: 0797fbbbdd880c3419c2c238f857440e,
        type: 3}
      propertyPath: m_LocalRotation.z
      value: -0
      objectReference: {fileID: 0}
    - target: {fileID: 8658427152866026639, guid: 0797fbbbdd880c3419c2c238f857440e,
        type: 3}
      propertyPath: m_LocalRotation.w
      value: 1
      objectReference: {fileID: 0}
    - target: {fileID: 8658427152866026639, guid: 0797fbbbdd880c3419c2c238f857440e,
        type: 3}
      propertyPath: m_RootOrder
      value: 2
      objectReference: {fileID: 0}
    - target: {fileID: 8658427152866026639, guid: 0797fbbbdd880c3419c2c238f857440e,
        type: 3}
      propertyPath: m_LocalEulerAnglesHint.x
      value: 0
      objectReference: {fileID: 0}
    - target: {fileID: 8658427152866026639, guid: 0797fbbbdd880c3419c2c238f857440e,
        type: 3}
      propertyPath: m_LocalEulerAnglesHint.y
      value: 0
      objectReference: {fileID: 0}
    - target: {fileID: 8658427152866026639, guid: 0797fbbbdd880c3419c2c238f857440e,
        type: 3}
      propertyPath: m_LocalEulerAnglesHint.z
      value: 0
      objectReference: {fileID: 0}
    m_RemovedComponents: []
  m_SourcePrefab: {fileID: 100100000, guid: 0797fbbbdd880c3419c2c238f857440e, type: 3}
--- !u!4 &8751328262264174055 stripped
Transform:
  m_CorrespondingSourceObject: {fileID: 8658427152866026639, guid: 0797fbbbdd880c3419c2c238f857440e,
    type: 3}
  m_PrefabInstance: {fileID: 97424629357515112}
  m_PrefabAsset: {fileID: 0}
